@article{Coelho_2021,
	doi = {10.1038/s42256-021-00356-5},

	url = {https://doi.org/10.1038%2Fs42256-021-00356-5},

	year = 2021,
	month = {jun},

	publisher = {Springer Science and Business Media {LLC}
},

	volume = {3},

	number = {8},

	pages = {675--686},

	author = {Claudionor N. Coelho and Aki Kuusela and Shan Li and Hao Zhuang and Jennifer Ngadiuba and Thea Klaeboe Aarrestad and Vladimir Loncar and Maurizio Pierini and Adrian Alan Pol and Sioni Summers},

	title = {Automatic heterogeneous quantization of deep neural networks for low-latency inference on the edge for particle detectors},

	journal = {Nature Machine Intelligence}
}
